@article{candes2009exact,
  title={Exact matrix completion via convex optimization},
  author={Cand{\`e}s, Emmanuel J and Recht, Benjamin},
  journal={Foundations of Computational mathematics},
  volume={9},
  number={6},
  pages={717},
  year={2009},
  publisher={Springer}
}

@article{candes2010power,
  title={The power of convex relaxation: Near-optimal matrix completion},
  author={Cand{\`e}s, Emmanuel J and Tao, Terence},
  journal={IEEE Transactions on Information Theory},
  volume={56},
  number={5},
  pages={2053--2080},
  year={2010},
  publisher={IEEE}
}

@article{cai2010singular,
  title={A singular value thresholding algorithm for matrix completion},
  author={Cai, Jian-Feng and Cand{\`e}s, Emmanuel J and Shen, Zuowei},
  journal={SIAM Journal on optimization},
  volume={20},
  number={4},
  pages={1956--1982},
  year={2010},
  publisher={SIAM}
}

@article{candes2010matrix,
  title={Matrix completion with noise},
  author={Candes, Emmanuel J and Plan, Yaniv},
  journal={Proceedings of the IEEE},
  volume={98},
  number={6},
  pages={925--936},
  year={2010},
  publisher={IEEE}
}

@misc{fessler_2019, 
    title={EECS 551 Course Notes}, 
    url={https://web.eecs.umich.edu/~fessler/course/551/f19-eecs551-notes-final.pdf}, 
    author={Fessler, Jeffrey}, 
    year={2019}, 
    month={Dec}
} 

@article{davenport20141,
  title={1-bit matrix completion},
  author={Davenport, Mark A and Plan, Yaniv and Van Den Berg, Ewout and Wootters, Mary},
  journal={Information and Inference: A Journal of the IMA},
  volume={3},
  number={3},
  pages={189--223},
  year={2014},
  publisher={OUP}
}

@INPROCEEDINGS{7086879,
author={S. A. {Bhaskar} and A. {Javanmard}},
booktitle={2015 49th Annual Conference on Information Sciences and Systems (CISS)},
title={1-bit matrix completion under exact low-rank constraint},
year={2015},
volume={},
number={},
pages={1-6},
keywords={concave programming;iterative methods;matrix decomposition;maximum likelihood estimation;probability;low-rank constraint;noisy 1-bit matrix completion;exact rank constraint;matrix M*;noisy continuous-valued entry;noisy 1-bit measurement;binary measurement;probabilistic model;constrained maximum likelihood estimation;entry-wise infinity-norm;convex relaxation;matrix estimation error;convergence rate;matrix dimension;iterative algorithm;nonconvex optimization;global optimality;limiting point;low rank factorization;Optimization;Noise measurement;Maximum likelihood estimation;Estimation error;Accuracy;Convergence;Logistics},
doi={10.1109/CISS.2015.7086879},
ISSN={null},
month={March},}

@inproceedings{mm-spars-2013,
    author      = {A. K. Massimino and M. A. Davenport},
    title       = {One-bit matrix completion for pairwise comparison matrices},
    booktitle   = {Proc. Work. on Signal Processing with Adaptive Sparse
        Structured Representations (SPARS)},
    address     = {Lausanne, Switzerland},
    month       = jul,
    year        = 2013
}

@article{cai2013max,
  title={A max-norm constrained minimization approach to 1-bit matrix completion},
  author={Cai, Tony and Zhou, Wen-Xin},
  journal={The Journal of Machine Learning Research},
  volume={14},
  number={1},
  pages={3619--3647},
  year={2013},
  publisher={JMLR. org}
}
